<?xml version="1.0" encoding="UTF-8"?><collection xmlns="http://www.loc.gov/MARC21/slim"><record><leader>00562nam--2200181-i-4500</leader><controlfield tag="001">000002281</controlfield><controlfield tag="002">20161230</controlfield><controlfield tag="005">20161230201024</controlfield><controlfield tag="008">060222s1000------------r-----000-0-eng-d</controlfield><datafield ind1=" " ind2=" " tag="040"><subfield code="a">IFIN-HH</subfield></datafield><datafield ind1=" " ind2=" " tag="080"><subfield code="a">539.12.185</subfield></datafield><datafield ind1="1" ind2=" " tag="100"><subfield code="a">Fick, D</subfield></datafield><datafield ind1="1" ind2="0" tag="245"><subfield code="a">Lecture notes in physics. vol. 30: polarization nuclear physics. proceedings of a meeting held at ebermannstadt october 1-5, 1973</subfield><subfield code="c">D. fick (ed.)</subfield></datafield><datafield ind1=" " ind2=" " tag="260"><subfield code="a">Berlin</subfield><subfield code="b">Springer-verlag</subfield><subfield code="c">1974</subfield></datafield><datafield ind1=" " ind2=" " tag="300"><subfield code="a">291 P</subfield></datafield><datafield ind1=" " ind2=" " tag="490"><subfield code="a">Lecture Notes In Physics, 30</subfield></datafield><datafield ind1=" " ind2=" " tag="852"><subfield code="a">33191</subfield><subfield code="c">53</subfield></datafield><datafield ind1=" " ind2=" " tag="CAT"><subfield code="a">Sys</subfield><subfield code="c">20150224</subfield><subfield code="h">103748</subfield></datafield></record></collection>